<record><leader>00000cas a22000007a 4500</leader><controlfield tag="001">36204395</controlfield><controlfield tag="008">970114d18881uuuscuwr ne      0    0eng d</controlfield><datafield ind1=" " ind2=" " tag="010"><subfield code="a">sn 97064653 </subfield></datafield><datafield ind1=" " ind2=" " tag="040"><subfield code="a">NVJ</subfield><subfield code="b">eng</subfield><subfield code="c">NVJ</subfield><subfield code="d">OCLCQ</subfield></datafield><datafield ind1=" " ind2=" " tag="042"><subfield code="a">msc</subfield></datafield><datafield ind1="0" ind2="4" tag="245"><subfield code="a">The Clinton weekly gazette.</subfield></datafield><datafield ind1="3" ind2="0" tag="246"><subfield code="a">Weekly gazette</subfield></datafield><datafield ind1=" " ind2=" " tag="260"><subfield code="a">Clinton, S.C. :</subfield><subfield code="b">W.J. Dendy</subfield></datafield><datafield ind1=" " ind2=" " tag="300"><subfield code="a">v.</subfield></datafield><datafield ind1=" " ind2=" " tag="310"><subfield code="a">Weekly</subfield></datafield><datafield ind1="1" ind2=" " tag="362"><subfield code="a">Began in 1888.</subfield></datafield><datafield ind1=" " ind2=" " tag="588"><subfield code="a">Description based on: Vol. 1, no. 47 (Sept. 26, 1889).</subfield></datafield><datafield ind1=" " ind2=" " tag="752"><subfield code="a">United States</subfield><subfield code="b">South Carolina</subfield><subfield code="c">Laurens</subfield><subfield code="d">Clinton.</subfield></datafield></record>